@inproceedings{huangResearchU2019,
	location = {{Haikou, China}},
	title = {Research on {{UAV}}'s {{Autonomous Target Landing}} with {{Image}} and {{GPS}} under {{Complex Environment}}},
	booktitle = {2019 {{International Conference}} on {{Communications}}, {{Information System}} and {{Computer Engineering}} ({{CISCE}})},
	date = {2019-07},
	pages = {97-102},
	author = {Huang, Yuxi and Zhong, Yi and Cheng, Shuxiao and Ba, Mengyuan}
}
